2548 4775
718 301 977 355 paz».
1030 294 1577 349 RFATIO
1735 296 1744 351 g
2097 301 2178 354 ιχ
2293 274 2394 297 ·’

112 477 312 552 tabat
347 470 567 552 fuiffe
614 499 660 547 a
713 466 1030 544 Caesare
1082 463 1179 539 ad
1232 461 1455 579 fastos
1507 489 1555 537 a
1613 462 1685 538 se
1736 465 2182 565 emendatos

111 604 751 688 adcommodatas.
871 600 1117 696 Negat
1152 594 1314 699 hoc
1354 610 1833 689 eviscmnnvs
1877 596 1929 670 l.
1983 624 2050 671 c.
2103 625 2178 699 p,
2289 642 2296 651 ,

110 740 283 823 540.
325 754 405 810 et
449 760 548 808 ex
592 720 889 806 duabus
937 722 1288 826 epochis,
1352 734 1670 823 quarum
1713 730 2183 801 mentionem

110 892 364 944 casm
391 863 607 939 clare
637 859 864 948 facit,
941 853 1188 930 scihaa
1223 853 1297 926 d.
1328 855 1523 927 VIII.
1575 853 1684 926 ld.
1714 857 1870 927 Ian.
1899 856 2186 935 DCCV

113 1017 185 1077 et
208 992 455 1096 pridie
479 996 744 1066 Nonas
776 992 935 1061 Ian.
977 986 1158 1057 anni
1195 979 1604 1082 sequentis,
1659 982 1993 1059 dilucide
2020 1012 2185 1061 rem

113 1120 588 1203 demonstrat.
700 1115 1014 1193 Scilicet
1095 1117 1164 1204 ι)
1228 1109 1524 1211 epocha
1591 1111 1735 1185 SC.
1797 1113 2186 1218 perscripti

114 1256 302 1330 vm.
347 1250 460 1324 Id.
495 1257 655 1323 Ian.
687 1243 997 1335 DCCV,
1049 1265 1283 1342 quam
1323 1236 1589 1314 Caesar
1617 1239 1852 1333 refert
1885 1244 1972 1316 C.
2017 1276 2074 1337 ι,
2110 1247 2182 1321 5.

110 1382 383 1457 eadem
430 1376 839 1454 exhibetur
880 1398 926 1465 a
977 1374 1357 1446 Cicerone
1404 1372 1544 1468 Ep.
1602 1399 1660 1460 1,
1716 1372 1831 1444 16.
1934 1377 2184 1452 Nemo

118 1530 368 1586 autem
393 1508 703 1596 dixerit,
772 1497 1158 1602 epistolam
1202 1497 1406 1586 hanc
1442 1495 1607 1598 post
1661 1497 1883 1573 fastos
1930 1528 2186 1578 emen-

123 1641 333 1715 datos
405 1635 777 1734 scriptam.
814 1702 833 1726 ⁶
933 1636 1014 1724 2)
1094 1626 1373 1703 Caesar
1440 1627 1731 1701 indicat
1798 1632 1897 1702 C.
1963 1633 2048 1722 3,
2114 1636 2186 1708 6.

122 1770 354 1858 diem,
449 1787 598 1866 qua
636 1786 898 1835 naues
958 1759 1179 1834 soluit
1231 1754 1656 1848 Brundifio,
1731 1758 1926 1859 prid.
1983 1764 2185 1836 Non.

122 1902 274 1972 Ian.
315 1894 652 1968 DCCVI.
725 1908 806 1963 et
867 1886 1171 1992 postero
1239 1885 1366 1961 die
1424 1884 1779 1985 peruenit
1826 1893 1904 1960 in
1955 1891 2188 1964 Grae-

130 2033 352 2115 ciam3
429 2042 594 2096 tum
639 2014 855 2121 misit*
884 2018 1306 2110 Vibullium
1350 2014 1451 2088 ad
1493 2016 1990 2116 Pompeium,
2060 2010 2192 2121 q'ui
2253 2004 2258 2013 ’

128 2158 225 2256 (c.
254 2151 642 2250 ·11.).inox
700 2153 847 2223 iter
909 2173 1005 2223 ex
1053 2143 1517 2221 Macedonia
1571 2146 1655 2216 in
1699 2143 2017 2223 hiberna
2062 2148 2194 2224 ha-

134 2283 352 2360 bebat
388 2277 876 2380 Apolloniam
921 2274 1658 2374 Dyrrhachiumque.
1715 2336 1728 2345 .
1778 2272 1933 2348 Sed
1985 2272 2194 2352 milla
2318 2306 2324 2313 ·

137 2418 317 2487 ratio
340 2408 590 2485 fuerat
633 2410 1007 2507 Pompeio
1050 2424 1208 2480 tam
1249 2403 1409 2479 sero
1461 2408 1542 2476 in
1594 2402 1917 2476 hiberna
1963 2402 2036 2478 se
2077 2431 2194 2479 re-

149 2538 486 2641 cipiendi3
567 2540 826 2638 potius
864 2536 994 2610 ille
1033 2534 1194 2609 dies
1235 2547 1412 2608 cu'm
1459 2531 1583 2605 die
1628 2534 1696 2608 V
1739 2531 2199 2611 Nouembris

153 2673 319 2741 anni
362 2667 762 2768 superioris
812 2662 1202 2753 coincidit.
1357 2660 1438 2756 3)
1488 2663 1647 2736 Iam
1710 2663 1935 2734 tertio
1985 2687 2196 2737 men·
2313 2677 2324 2692 “

141 2797 212 2874 se
245 2795 438 2900 post,
508 2820 743 2897 quam
783 2797 866 2869 in
909 2793 1306 2866 Graeciam
1349 2784 1862 2861 transfretauit
1912 2789 2198 2885 Caesar,

145 2929 589 3028 Pompeium
633 2947 877 3026 prope
921 2919 1482 3021 Dyrrhachium
1532 2921 1839 3018 cingere
1897 2916 2196 3014 studuit,

141 3076 217 3132 et
251 3075 576 3157 quatuor
623 3049 915 3125 menses
954 3048 1110 3124 hoc
1150 3046 1341 3122 statu
1392 3064 1709 3147 vterque
1762 3047 2202 3147 permanfit3

140 3205 299 3261 tum
342 3184 578 3259 tribus
618 3177 1225 3262 hebdomadibus
1283 3173 1449 3278 post
1483 3174 1897 3249 Pharsalica
1950 3203 2205 3278 pugna

143 3314 412 3391 accidit
479 3332 828 3411 tempore
890 3305 1168 3383 mellis.
1317 3307 1398 3382 Si
1459 3321 1719 3376 autem
1782 3330 1829 3377 a
1887 3308 1957 3382 V
2005 3311 2200 3382 Nou.

148 3442 587 3516 adnumeres
614 3432 921 3511 menses
967 3441 1104 3512 VH
1155 3462 1334 3512 cum
1386 3431 1739 3526 dimidio,
1790 3432 2084 3510 incides
2126 3441 2208 3510 in

151 3565 373 3642 finem
432 3568 668 3658 Iunii,
752 3586 909 3665 quo
967 3558 1209 3664 mellis
1259 3560 1428 3635 fieri
1468 3560 1653 3636 solet
1689 3567 1771 3635 in
1813 3561 2206 3639 Thess'alia.

150 3696 265 3772 Est
304 3720 482 3795 ergo
519 3693 713 3768 haec
765 3691 1056 3794 epocha
1101 3715 1406 3793 pugnae
1453 3688 1956 3784 Pharsalicae,
2008 3720 2211 3794 quae

155 3844 451 3899 notatur
494 3825 567 3898 V
606 3820 788 3895 Idus
838 3820 1154 3896 Sextiles
1199 3848 1267 3893 a.
1313 3821 1658 3897 DCCVI.

297 3957 526 4029 Hisce
570 3946 1024 4025 stabiliendis
1060 3976 1555 4026 ‘eviscmmnvs
1603 3968 1843 4022 totam
1887 3969 2216 4050 quatuor

169 4109 557 4177 annorum,
644 4078 921 4182 quibus
965 4077 1249 4154 bellum
1304 4071 1530 4155 ciuile
1574 4076 1858 4178 gestum
1910 4076 2047 4172 est,
2112 4080 2217 4155 se-
