2548 4775
812 315 1453 364 DlssER‘rA'rlo
2041 322 2184 371 xli}

112 482 438 570 prologum
476 483 801 571 proxime
845 478 1256 569 excipiebat,
1303 477 1462 544 belli
1499 478 1746 546 Gallici
1779 480 1998 568 libro,
2045 507 2187 550 me·-

111 590 208 657 dio
250 592 571 657 nimirum
638 592 826 655 inter
876 558 1086 655 fibros
1143 587 1387 654 Gaffici
1428 586 1588 652 belli
1632 590 1932 677 priores,
2011 615 2186 683 quos

103 699 294 765 censet
339 699 782 787 superiores,
860 713 930 767 et
986 695 1415 762 libros-belii
1472 696 1724 780 ciuilis,
1815 702 1993 788 quos
2051 724 2181 792 pro

95 806 319 896 scriptis
385 805 711 872 eiusdem
779 805 1078 872 Caesaris
1151 804 1358 870 habet
1415 804 1944 893 insequentibus.
2072 809 2186 876 Sic
2215 863 2230 871 ,

91 915 229 981 nihil
266 914 570 996 habent,
618 936 761 1003 quo
807 910 883 980 se'
911 929 1233 981 tueantur
1260 910 1573 978 Floridus
1610 911 1900 1003 Sabinus
1939 932 2012 982 et
2043 917 2183 984 Lu-

90 1022 342 1088 douicus
391 1024 679 1089 Carrio,
801 1020 1009 1105 Hunc
1054 1020 1298 1101 librum
1339 1017 1408 1085 se
1457 1022 1865 1087 contexuisse
1903 1022 2183 1092 testatur

86 1130 351 1200 Hirtius:
436 1129 762 1219 proinde
818 1130 951 1193 iam
1012 1144 1207 1195 antea
1257 1127 1613 1218 scriptum,
1690 1145 1761 1195 et
1801 1132 2032 1199 medio
2078 1148 2183 1200 ta-

84 1263 215 1305 men
263 1237 424 1319 illo,
514 1260 736 1328 quem
794 1236 968 1317 dixi,
1049 1234 1209 1336 loco
1255 1234 1672 1323 dispositum.
1798 1240 1992 1306 Haec
2036 1257 2182 1310 erat

80 1350 365 1415 nimirum
413 1345 848 1436 scriptorum
892 1341 1189 1411 Caesaris
1232 1344 1511 1433 digestio
1552 1344 1702 1431 ina,
1770 1346 1857 1414 de
1900 1370 2034 1438 qua
2074 1350 2183 1416 lo-

84 1459 286 1546 quitur
322 1454 616 1536 noster,
696 1467 810 1518 tot
849 1450 1086 1518 seculis
1129 1455 1511 1535 recentior,
1586 1475 1720 1543 qua
1764 1453 1877 1521 sua
1919 1454 2182 1545 scriptis

87 1563 255 1653 ipfius
291 1561 621 1631 Caesaris
670 1559 892 1626 media
936 1563 1286 1629 contexuit
1330 1578 1626 1627 coaeuus
1653 1561 1943 1631 Hirtius.
2030 1564 2182 1632 No-

87 1670 193 1738 ster
243 1675 451 1737 etiam
499 1670 739 1735 editos
782 1671 859 1734 in
900 1658 1122 1735 lucem
1168 1667 1381 1735 libros
1425 1652 1723 1736 Caesaris
1772 1669 2053 1738 testatur
2096 1673 2180 1739 ab

89 1779 245 1861 aliis,
272 1781 425 1868 'qui
470 1774 694 1863 rebus
735 1772 886 1862 ipfis
928 1776 1403 1844 interfuerant.
1488 1776 1692 1845 Vnde
1731 1776 1912 1845 hoc?
1969 1778 2181 1845 Nem-

88 1910 159 1976 pe
199 1909 274 1953 ex
312 1885 449 1951 illis
495 1881 786 1971 Prologi
828 1884 1082 1950 verbis:
1160 1890 1288 1978 qui
1307 1884 1506 1974 sunt*
1539 1886 1754 1955 edici,
1833 1886 2185 1972 nescien-

90 1999 180 2060 tia
216 1984 597 2059 'cantarum
646 2014 880 2054 rerum
912 1994 1381 2081 scriptoribus
1443 1995 1720 2085 deqffec.
1845 1991 1985 2057 Sed
2028 2014 2186 2081 per-

91 2124 297 2190 peram
338 2102 579 2167 noster
621 2097 993 2183 intellexit,
1081 2098 1128 2165 fi
1168 2117 1312 2166 tum
1357 2105 1649 2191 primum
1694 2094 1918 2167 editos
1961 2100 2037 2164 in
2080 2097 2187 2165 lu-

94 2230 219 2274 cem
258 2207 563 2275 Caesaris
608 2204 1139 2275 commentarios
1185 2208 1558 2293 censuerit,
1616 2198 1780 2275 cum¹
1809 2206 2183 2297 Prologum

95 2316 386 2382 scriberet
414 2315 715 2381 Hirtius.
801 2315 1073 2404 Nempe
1111 2314 1259 2406 post
1293 2333 1582 2384 mortem
1619 2310 1944 2402 Caesaris.
2033 2315 2180 2381 Imo

98 2428 219 2490 iam
273 2440 464 2490 antea
526 2426 607 2490 in
670 2422 849 2492 clara
907 2422 1060 2490 luce
1115 2425 1304 2491 suiss‘e
1362 2424 1660 2493 versatos
1719 2448 1757 2490 e
1822 2424 2184 2490 Ciceronis

114 2531 345 2598 constat
373 2534 633 2602 Bruto:
713 2533 856 2597 imo
900 2554 979 2596 ex
1019 2533 1154 2600 hoc
1196 2532 1341 2622 ipso
1385 2531 1716 2620 Prolog0.
1817 2531 1955 2596 Iam
2001 2533 2186 2595 enim
2277 2563 2288 2574 κ

116 2639 408 2727 probatos
462 2633 803 2706 omnium¹
839 2625 1113 2706 iudicio*
1156 2641 1477 2722 testatur,
1552 2639 1688 2704 iam
1744 2639 1821 2702 in
1860 2640 2214 2712 ,omnium'

109 2746 528 2814 admiratione
568 2746 807 2829 'suiss'e,
886 2747 1068 2839 quasi
1114 2749 1291 2824 bene
1340 2747 1838 2836 emendateque
1879 2744 2185 2835 scriptos.

104 2853 250 2922 Non
290 2857 461 2944 'ergo
525 2854 615 2920 de
672 2853 819 2935 sua,
907 2855 1023 2920 sed
1079 2855 1419 2934 Caesaris,
1505 2855 1818 2920 editione
1876 2852 2188 2943 loquitur

100 2962 377 3045 Hirtius,
445 2985 599 3027 cum
641 2959 809 3026 illud
851 2961 1175 3030 editionis
1218 2963 1573 3030 confilium
1615 2961 1959 3051 agnoscit,
2031 2977 2190 3026 tan-

100 3085 226 3136 tum'
282 3094 374 3136 ne
428 3070 708 3134 scientia
770 3082 1110 3137 tantarum
1162 3095 1390 3138 rerum
1433 3069 1869 3160 scriptoribus
1915 3068 2184 3134 deesset.

98 3176 485 3268 Exprimunt
530 3176 701 3240 haec
744 3175 949 3243 v‘erba
1002 3177 1305 3244 Caesaris
1353 3159 1586 3269 potius
1632 3176 1719 3241 de
1762 3176 1893 3243 suis
1931 3176 2188 3265 scriptis

99 3288 342 3375 agentis
384 3283 818 3368 modestiam,
884 3307 1087 3376 quam
1129 3286 1340 3353 Hirtii
1384 3286 1470 3354 de
1510 3272 1751 3350 iisdem
1793 3281 2192 3350 admiratio-

97 3416 262 3478 nem.
324 3400 331 3406 ’
385 3391 575 3458 Idem
619 3390 900 3483 Prologi
945 3409 1185 3459 auctor
1227 3393 1592 3485 nouiffime
1630 3391 2046 3482 imperfecta
2095 3394 2188 3455 ab

96 3506 289 3568 rebus
340 3494 552 3590 gestis
599 3500 1109 3567 Alexandriae
1165 3504 1269 3574 ad
1303 3503 1540 3590 finem
1596 3505 1800 3567 vitae
1869 3499 2191 3586 Caesaris

82 3613 150 3692 se
195 3609 567 3701 conseciffe
604 3608 904 3674 testatur.
993 3610 1295 3676 Proinde
1338 3613 1470 3675 iam
1521 3630 1653 3676 vna
1697 3630 1848 3673 cum
1880 3605 2184 3697 Prologo

96 3715 289 3784 libros
316 3716 472 3784 suos
500 3718 635 3783 iam
665 3719 939 3806 penitus
974 3718 1328 3785 confectos
1362 3718 1449 3784 de
1478 3716 1659 3785 bello
1693 3714 2185 3794 Alexandrino,

100 3824 441 3906 AfricanO,
499 3841 744 3890 auctor
786 3811 1095 3891 emiserit.
1179 3826 1326 3892 Imo
1364 3826 1452 3891 de
1488 3822 1672 3890 bello
1712 3826 1913 3888 etiam
1944 3821 2187 3913 Hispa·

99 3934 278 4016 nico,
350 3938 813 4024 (quamquam
862 3930 1040 3997 illius
1088 3936 1163 3999 in
1208 3933 1513 4023 Prologo
1563 3923 1713 3998 non
1754 3931 2185 4013 meminerit)

96 4040 270 4128 quod
305 4041 721 4132 praedictam
770 4040 1138 4129 epocham,
1196 4065 1374 4132 quae
1413 4042 1501 4108 ad
1544 4038 1842 4108 Caesaris
1886 4048 2178 4104 m‘ortem

96 4166 282 4243 uque
306 4153 622 4243 pertigit,
690 4152 837 4216 hoc
874 4171 1151 4237 quoque
1191 4148 1445 4215 bellum
1486 4146 1925 4216 antecefferit.

1945 4381 1954 4410 ἱ
