2548 4775
324 645 670 755 Auctore
730 677 1089 774 Suetonio
1139 680 1312 778 (Iul.
1364 683 1492 780 56)
1525 679 1840 772 constat,
1890 675 2090 749 hunc
2118 676 2359 751 librum

325 840 477 888 non
510 814 647 890 effe
679 845 721 889 a
750 814 1049 890 Caesare
1077 814 1470 914 scriptum3
1520 814 1650 889 sed
1683 802 1932 886 Hirtio
1963 814 2234 901 auctori
2258 815 2366 887 tri-

326 949 614 1044 butum,
664 978 1110 1055 quamquam
1139 978 1312 1021 cum
1349 951 1590 1050 aliqua
1631 949 2116 1023 dubitatione.
2174 952 2260 1024 Et
2283 951 2368 1024 est

328 1082 558 1157 Hirtii
584 1114 853 1160 nomen
883 1087 961 1158 in
990 1083 1429 1186 quibusdam
1445 1084 1833 1159 codicibus
1850 1073 2369 1184 praescriptum.

323 1218 485 1294 Sed
523 1223 651 1321 qui
697 1221 979 1298 librarii
1011 1219 1627 1321 praescripserunt
1659 1247 1931 1294 nomen
1963 1203 2374 1293 Auli‘Hirtii

332 1345 629 1449 Pansae,
667 1356 1313 1457 (praescripserunt
1345 1377 1592 1429 autem
1618 1355 1989 1456 plerique,
2040 1355 2211 1429 teste
2241 1355 2376 1428 Ou-

336 1486 781 1593 dendorpio)
810 1493 893 1567 hi
916 1490 1294 1566 manifeste
1321 1511 1687 1587 errarunt,
1739 1491 2090 1590 quoniam
2111 1485 2378 1563 Hirtius

334 1623 661 1716 et'Pansa
690 1627 840 1703 duo
875 1626 1141 1704 diuerfi
1166 1628 1307 1701 viri
1333 1627 1651 1722 fuerunt,
1683 1625 1919 1729 quiA.
1942 1625 2035 1699 V.
2059 1653 2146 1720 71
2167 1653 2196 1697 1
2231 1631 2383 1699 cori-

228 1771 233 1776 ’
335 1757 572 1833 sulatu
604 1735 840 1836 functi
868 1764 1054 1837 sunt.
1119 1764 1233 1838 Cf.
1272 1764 1579 1836 Sueton.
1615 1756 1806 1859 Aug.
1852 1788 1966 1835 10.
2048 1760 2386 1835 Nonnulli

341 1893 675 1993 Oppium
702 1900 1197 1971 nominarunt.
1243 1897 1480 1995 Igitur
1507 1925 1678 1970 cum
1705 1898 1887 1990 alius
1903 1898 2134 1980 ‚alium
2166 1917 2388 1969 aucto·

335 2045 499 2124 rem
513 2030 852 2132 ediderit,
882 2032 981 2108 est
1003 2058 1116 2105 res
1142 2032 1417 2106 incerta
1438 2032 1764 2137 quidem,
1786 2029 2391 2142 verisimillimam-

184 2255 191 2264 ·
272 2190 510 2274 ⁵lmen
537 2166 631 2240 de
662 2166 907 2241 Hirtio
939 2145 1235 2242 auctore
1261 2159 1639 2243 sententia.
1685 2157 2083 2281 Suetonius
2113 2151 2396 2267 quidem

342 2297 627 2399 aliquot
653 2303 875 2376 verba
904 2303 1270 2403 epistolae,
1305 2303 1482 2375 huic
1511 2303 1709 2377 libro
1737 2299 2183 2403 praemifl'ae,
2215 2323 2394 2401 repe-

342 2416 436 2511 tit
485 2458 559 2510 et
588 2437 817 2511 Hirtii
859 2441 1080 2513 verba
1128 2439 1265 2514 effe
1312 2437 1735 2553 [impliciter
1784 2430 1987 2511 dicit.
2082 2435 2283 2512 Haec
2313 2435 2398 2510 est

259 2542 264 2557 Ι
341 2570 623 2646 summa
659 2601 954 2671 corum,
1002 2602 1187 2679 quae
1223 2574 1655 2685 interpretes
1690 2572 1781 2647 de
1810 2573 1951 2646 ha'c
1990 2601 2067 2647 re
2101 2572 2399 2673 disputa-

344 2730 538 2781 runt.
617 2633 995 2786 Dodwelii
1039 2708 1447 2784 dissertatio
1497 2707 1589 2781 de
1636 2730 1931 2781 auctore
1972 2707 2193 2780 huius
2221 2705 2399 2799 libri,

347 2871 570 2943 quem
602 2841 850 2915 Hirtio
897 2844 1141 2940 potius
1188 2870 1411 2941 quam
1456 2840 1710 2941 Oppio
1752 2821 2144 2934 adtribuit,
2207 2839 2404 2914 exstat
2503 2864 2514 2893 ⁸

350 2976 570 3051 ctiam
600 2976 676 3046 in
712 2975 1036 3050 editione
1071 2974 1398 3052 Caesaris
1434 2970 2066 3075 Oudendorpiana
2110 2977 2202 3052 Τ
2234 3001 2299 3050 2.
2341 3001 2402 3074 p

358 3136 578 3213 1007.
653 3109 1191 3186 Plutarchum
1173 3139 1250 3186 m
1294 3110 1440 3183 vita
1481 3108 1858 3185 Caesaris
1847 3138 1959 3184 res
2001 3112 2178 3187 libri
2206 3111 2404 3186 huius

352 3245 596 3319 Octaui
628 3248 842 3347 plane
877 3244 1341 3348 praeteriiffe,
1386 3245 1639 3320 miror.
1712 3246 1869 3322 Nec
1895 3246 2407 3349 ‘metaphrastes

208 3412 212 3433 ⁹
272 3444 277 3449 .
354 3380 679 3455 Graecus
718 3408 887 3455 cum
922 3383 1162 3458 vertit.
1268 3394 1276 3399 ’
2283 3357 2290 3362 .

417 3565 746 3631 Seruatus⁴
782 3574 1035 3656 Lupus,
1116 3577 1357 3635 Ferrar.
1430 3573 1930 3645 continuatoris,
2041 3578 2409 3637 mentionem

351 3654 599 3731 Abbas,
650 3657 751 3720 vbi
794 3660 966 3743 epist.
1008 3664 1112 3739 37.
1160 3662 1360 3731 Hirtii,
1429 3658 1617 3736 facit,
1719 3660 1897 3720 huius
1957 3657 2141 3723 istum
2199 3676 2412 3723 temere

314 3743 635 3809 ‘Caesaris
766 3752 1364 3812 commentariorum
1430 3752 1749 3806 notarium
1794 3750 1962 3809 dicit.
