2548 4775
237 365 1942 412 ——m

186 678 596 748 nmium
650 638 1279 751 “DonwELLl
1363 676 2097 747 mssERTATlo
2239 692 2242 695 >

632 859 817 952 DE
927 856 1666 969 AVCTORE„

160 1028 281 1084 uu
317 1029 478 1088 oc'r.
518 1031 622 1089 DE
657 1032 724 1085 B.
767 1028 973 1086 GALL.
1016 1028 1115 1084 m·
1153 1026 1361 1083 ALEX,
1399 1029 1627 1085 Arme.
1670 1029 1922 1103 ATQvss
1958 1030 2144 1127 msa·

621 1248 699 1256 Β,-

128 1398 366 1464 Auctor·
431 1402 710 1481 Prologi
776 1401 874 1463 ad
936 1402 1182 1464 librum
1259 1402 1348 1462 de
1412 1403 1596 1465 Bello
1673 1403 1939 1469 Gallico
2001 1406 2186 1471 VIII.

278 1523 533 1583 Hirtius
574 1524 803 1610 potius
841 1521 1053 1607 f¹⁴iff⁶
1101 1520 1407 1591 videtur,
1483 1545 1687 1605 quam
1741 1527 2004 1609 Oppius.

129 1667 215 1771 Si
261 1701 529 1790 quidem
568 1715 754 1767 recte
797 1701 1042 1769 habeat
1082 1701 1278 1768 locus
1311 1700 1666 1783 Suetonii,
1721 1704 1855 1769 iam
1894 1719 2040 1769 tum
2084 1728 2198 1770 ex-

129 1804 393 1875 stiterint
434 1827 719 1900 oportet
774 1809 930 1875 libri
992 1832 1265 1892 omnes,
1339 1832 1511 1895 quos
1551 1809 1915 1901 pollicetur
1958 1829 2200 1881 auctor

128 1910 387 2006 Prologi
425 1920 511 1984 ad
555 1918 804 1986 librum
843 1917 1003 1984 belli
1043 1916 1292 1983 Gallici
1335 1915 1509 1981 vm:
1589 1918 1902 1987 nondum
1947 1937 2198 2003 autem,

130 2037 198 2088 vt
233 2025 526 2107 videtur,
591 2026 712 2092 sub
758 2028 1040 2093 nomine
1079 2024 1230 2091 tulii
1267 2020 1496 2121 Celfi‚'
1541 2023 1655 2091 sed
1701 2016 1910 2115 Oppii
1956 2028 2206 2095 dunta-

136 2146 240 2198 xat
292 2148 358 2200 et
410 2133 658 2207 Hirtii:
731 2150 1059 2226 erantque
1116 2131 1276 2201 sane
1334 2131 1535 2197 ambo
1597 2131 1694 2196 illi
1740 2135 2005 2211 Caesari
2038 2138 2208 2203 «satis

138 2235 487 2313 familiares.
578 2243 724 2309 Cur
764 2258 989 2309 autem
1031 2241 1260 2333 Oppio
1302 2239 1806 2329 tribuerentur,
1856 2267 2003 2313 eim
2047 2267 2206 2311 cau..

145 2344 263 2412 sam
301 2346 445 2416 satis
486 2349 907 2417 verifimilem
946 2350 1108 2417 mihi
1151 2348 1384 2416 videre
1421 2348 1697 2430 videor,
1742 2353 1929 2441 quod
1965 2371 2206 2422 auctor

144 2454 278 2536 ille,
342 2460 752 2548 quicumque
808 2458 1081 2530 demum
1134 2460 1191 2524 is
1244 2457 1486 2537 fuerit,
1570 2456 1781 2524 Balbo
1842 2445 2208 2553 prolog'um

161 2560 319 2629 suum
352 2543 780 2655 insci-itiserit.
864 2567 1077 2633 Erant
1110 2566 1291 2630 enim
1319 2562 1476 2629 sane
1505 2564 1773 2654 Oppius
1815 2586 2017 2658 atque
2059 2570 2212 2637 Bal-

160 2668 265 2737 bus
298 2674 772 2746 neceffitudine
810 2673 1064 2764 aliqua,
1128 2694 1335 2762 quam
1377 2671 1742 2753 nescimus,
1807 2690 1879 2749 vt
1923 2676 2209 2764 videtur,

154 2782 422 2847 inuicem
480 2782 1038 2860 'coniunctiffimiz
1122 2780 1306 2850 forte
1377 2778 1584 2850 officii
1654 2780 1932 2854 alieuius
1996 2784 2208 2861 causa,

156 2891 475 2978 vtriusque
520 2913 724 2957 curae
771 2912 807 2956 a
854 2888 1136 2958 Caesare
1179 2887 1443 2956 crediti.
1547 2889 1752 2956 Certe
1802 2894 2065 2982 vtrique
2110 2900 2216 2960 in-

156 2991 407 3086 scriptas
461 2996 828 3064 nonnullas
891 2995 1198 3087 epistolas
1262 2994 1561 3063 Caesaris
1599 2998 1925 3066 habemus
1976 3002 2220 3068 hodie-

160 3127 278 3192 que
334 3107 407 3172 in
474 3104 655 3172 libro
720 3104 1075 3173 Ciceronis
1135 3106 1222 3170 ad
1281 3107 1579 3172 Atticum
1622 3106 1734 3171 IX.
1857 3106 1949 3174 Et
2005 3103 2220 3178 libros

157 3211 328 3278 fuiffe
355 3212 781 3303 epistolarum
811 3213 899 3292 ad
926 3197 1323 3301 Vtrumque,
1384 3211 1588 3277 docet
1616 3212 1875 3282 Gellius
1903 3214 1980 3280 L.
2013 3215 2219 3289 XVII,
2327 3251 2332 3254 ·

161 3318 351 3390 Noct.
394 3322 603 3388 Attic.
659 3299 807 3410 ca'p.
851 3347 916 3409 9.
985 3322 1108 3409 qui
1163 3322 1503 3386 rationem
1555 3319 1784 3412 addit,
1865 3325 2057 3412 quod
2115 3350 2223 3394 res

168 3431 297 3495 eins
335 3426 618 3495 absentis
664 3441 1001 3510 curarent.
1087 3427 1350 3494 Literas
1391 3425 1641 3494 cur-affe
1661 3475 1679 3508 ‚
1756 3428 1963 3495 docet
2001 3433 2226 3501 Cicer-

167 3535 244 3603 ad
282 3537 513 3624 Quint.
556 3537 641 3604 fr.
692 3557 802 3626 ep.
848 3560 906 3603 1.
991 3534 1082 3602 Se
1126 3552 1353 3602 autem
1397 3534 1578 3601 bello
1619 3535 2080 3606 Alexandrino
2126 3556 2230 3607 at-

168 3667 289 3733 que
336 3643 660 3712 Afrioeno
720 3643 1030 3726 abfuiffe,
1111 3643 1351 3709 lubens
1420 3646 1721 3734 agnoscit
1779 3647 2054 3737 Prolo'gi
2111 3668 2232 3713 au-

173 3774 323 3824 ctor.
440 3745 579 3822 Sed
637 3752 935 3819 absentia
988 3752 1101 3818 illa
1158 3752 1455 3818 Caesaris
1513 3769 1657 3821 erat
1714 3756 1789 3820 in
1847 3754 2104 3840 Gallia,
2183 3755 2233 3823 ss

174 3865 425 3957 quidem
468 3887 551 3930 ex
595 3859 890 3952 epistolis
936 3882 976 3925 a
1023 3859 1363 3926 Cicerone
1419 3862 1835 3929 conseruatis
1893 3860 2091 3929 liceat
2147 3862 2235 3930 de

177 3975 426 4065 reliquis
467 3972 810 4060 augurari.
895 3965 1221 4056 Spectant
1262 3971 1445 4038 enim
1488 3968 1644 4036 iilae
1688 3973 1774 4035 ad
1816 3973 2033 4060 prima
2079 3969 2238 4036 belli

182 4082 368 4149 ciuilis
405 4081 647 4150 initia„
716 4074 818 4141 Ex
856 4074 957 4139 his
1002 4075 1209 4164 igitur
1251 4076 1545 4166 epistolis
1588 4077 1676 4143 ad
1719 4077 2022 4168 Oppium
2065 4077 2241 4144 datis

184 4213 373 4266 terum
410 4187 751 4281 gestarum
795 4186 1154 4260 memorias
1199 4188 1507 4273 accipere
1546 4177 1815 4275 potuit',
1889 4184 2089 4282 fiquis
2134 4189 2242 4264 iu.
