2548 4775
355 291 463 337 ιιι
616 298 627 321 ν
881 246 1866 413 ιιιεδιιιιιειροῡινιιιιι

352 434 515 521 nior
555 451 770 541 Oppii
808 450 1092 517 nomine
1135 448 1348 515 libros
1394 447 1718 515 edidiss'et.
1825 450 1925 516 Ita
1966 450 2125 535 fiet,
2186 457 2289 521 'vt
2330 459 2490 545 pari

159 558 165 571 '
223 626 227 634 ,
324 560 490 629 ‘lide
536 560 784 649 dignae
821 558 953 623 [int
986 579 1214 623 rerum
1259 554 1590 646 gestarum
1630 561 2093 643 narrationes,
2176 561 2305 629 seu
2350 563 2488 630 hos

349 668 562 735 libros
592 666 750 756 ‚ipse
804 667 1089 732 exararit
1133 662 1444 754 Oppius,
1523 663 1636 731 seu
1686 654 1919 734 iunior
1974 669 2224 759 Oppio
2287 672 2488 760 quis-

346 780 532 867 piam
581 775 935 865 collegerit
972 797 1024 838 e
1070 771 1373 851 Caesaris
1421 771 1752 861 epistolis,
1834 776 2067 866 Oppio
2114 776 2485 867 inscriptis

273 878 277 887 ⁴
347 902 553 975 atque
614 882 852 950 Balbo.
984 882 1191 948 Certe
1238 879 1474 969 Oppio
1531 902 1635 950 res
1677 884 1976 951 Caesaris
2020 886 2236 949 etiam
2285 906 2487 950 arca..

341 1016 462 1081 nas
497 991 689 1058 fuilI'e
727 988 1303 1079 exploratiffimas‚
1317 1010 1324 1015 “
1372 1014 1451 1057 ex
1483 1013 1566 1056 eo
1603 989 1776 1058 libro
1807 988 2192 1085 colligitur,
2261 1017 2483 1085 quem

344 1088 663 1190 scripliffe
720 1098 1000 1163 testatur
1058 1098 1364 1190 Oppium
1421 1100 1791 1166 Suetonius
1827 1097 1949 1164 Iul.
2006 1121 2154 1189 cap.
2201 1103 2340 1182 52,
2406 1115 2481 1168 vt

342 1208 672 1311 probaret
744 1228 893 1271 non
963 1205 1155 1273 fuiss'e
1230 1205 1530 1273 Caesaris
1599 1206 1846 1289 filium,
1936 1227 2142 1299 quem
2214 1205 2482 1272 dixerit

349 1316 762 1406 Cleopatra,
842 1336 1094 1402 nempe
1131 1313 1633 1381 Caesarionem.
1758 1312 1991 1403 Minus
2023 1329 2270 1379 tamen
2314 1314 2483 1379 ido-

342 1439 532 1491 neus
568 1421 790 1491 fuiffet
838 1420 1107 1510 Oppius
1153 1420 1242 1487 ad
1283 1420 1710 1489 scribendum
1767 1421 1888 1489 de
1906 1422 2035 1487 hoc
2088 1444 2478 1511 argumen-

345 1548 465 1613 to,
518 1514 566 1597 li
609 1528 749 1619 ipse
792 1548 1068 1618 quoque
1110 1528 1293 1597 bello
1328 1531 1791 1597 Alexandrino
1835 1554 1983 1596 non
2023 1527 2471 1594 interfuisset.

338 1639 589 1705 Melius
659 1659 822 1726 ergo
894 1636 1022 1701 hac
1094 1637 1183 1704 de
1257 1639 1452 1707 caula
1513 1640 1822 1709 Hirtium
1898 1639 2096 1702 hui‘us
2161 1634 2470 1723 prologi
2527 1722 2528 1725 Ἴ

341 1762 697 1813 auctorem
760 1744 1298 1813 existimabimus.
1433 1747 1647 1838 Oppii
1692 1748 1874 1814 enim
1909 1744 2324 1825 ,testimonio
2378 1742 2470 1807 de

334 1854 478 1922 lilio
526 1850 829 1931 Caesaris
873 1852 1225 1941 pugnabat
1268 1856 1473 1922 etiam
1516 1857 1902 1937 Antonius,
1971 1856 2078 1919 vix
2121 1854 2224 1920 ita
2270 1866 2465 1917 certe

346 1964 684 2043 facturus,
733 1958 856 2026 nili
893 1959 1345 2030 Alexandriae
1384 1987 1539 2030 cum
1567 1963 1848 2030 Caesare
1884 1961 2219 2035 adfuiss'et.
2311 1958 2463 2024 Ne-

278 2160 283 2169 ·
342 2062 478 2137 scio
526 2071 765 2148 etiam,
828 2060 915 2133 an
954 2056 1615 2161 hic‘fuerit'Oppius
1658 2069 1953 2159 legatuS,
2014 2071 2214 2133 cuius
2255 2090 2461 2134 men-

342 2182 444 2245 tio
489 2181 581 2265 in,
608 2173 792 2242 bello
837 2176 1163 2244 Africano
1208 2198 1356 2264 cap.
1398 2179 1504 2244 68.
1593 2176 1683 2241 Et
1726 2191 1907 2240 certe
1950 2174 2188 2241 Hirtio
2236 2177 2457 2265 magis

333 2288 523 2353 fauet
578 2281 1192 2373 ipse'Suetonius,
1287 2282 1449 2348 dum
1507 2283 1717 2348 Hirtii
1767 2284 2052 2379 nomine
2095 2282 2326 2348 'verba
2374 2306 2456 2347 ex

226 2403 235 2430 ·’
289 2451 293 2458 .
334 2393 455 2460 illo
514 2391 660 2482 ipso
725 2391 1021 2460 aduocat
1079 2391 1412 2483 Prologn,
1492 2413 1669 2488 quae
1712 2390 2059 2481 hodieque
2099 2390 2203 2458 ibi
2248 2415 2502 2484 repe-·

328 2506 623 2569 riuntur.

412 2691 598 2753 Idem
650 2705 895 2752 auctor
934 2691 1280 2768 ,librorum
1316 2692 1749 2776 sequentium
1798 2689 1886 2750 cle
1940 2689 2113 2752 bello
2168 2692 2343 2755 Ale-

583 2805 963 2879 xandrino,
1034 2810 1262 2892 Afric.
1335 2812 1522 2889 Iltsp.
1575 2808 1714 2890 sed
1774 2806 1922 2896 post
1994 2810 2152 2870 Cae-

1079 2930 1273 3007 saris»
1326 2944 1624 2988 mortem.

456 3075 571 3140 Sic
614 3094 778 3162 ergo
827 3095 968 3153 res,
1030 3076 1106 3141 ni
1147 3074 1386 3156 fallor,
1448 3074 1812 3142 habuerit„
1878 3076 2143 3141 Primus
2186 3092 2437 3143 auctor

323 3181 682 3278 praedicti
697 3179 1017 3271 Prologi,
1080 3184 1202 3272 qui
1241 3181 1541 3250 Caesaris
1582 3181 1826 3273 scripta
1870 3184 2129 3273 digelIit
2170 3187 2435 3275 pariter

324 3309 406 3356 ac
465 3285 840 3377 suppleuit,
924 3311 1075 3355 non
1120 3292 1395 3379 Oppius
1444 3289 1684 3373 fuerit,
1754 3291 1872 3358 sed
1927 3293 2248 3372 Hirtius,
2310 3292 2432 3381 qui

320 3394 621 3489 proinde
674 3393 971 3479 ibidem,
1061 3397 1176 3464 vbi
1227 3397 1515 3481 Balbus,
1586 3398 1829 3482 suerit,
1910 3398 2102 3489 quod
2157 3400 2430 3466 affiduis

317 3505 501 3573 illius
554 3525 705 3572 non
740 3502 1024 3589 literis,
1110 3502 1228 3571 sed
1286 3485 1606 3588 vocibus,
1688 3522 1963 3573 coactus
2021 3530 2199 3574 onus
2251 3507 2429 3574 illud

276 3681 281 3688 ,
318 3612 658 3682 scribendi
697 3609 1086 3699 susceperit.
1208 3612 1485 3701 Scripsit
1529 3623 1692 3701 ergo
1738 3612 1999 3676 Hirtius
2045 3614 2424 3705 Prologum

322 3721 412 3787 ad
470 3722 758 3786 amicum
813 3715 1148 3799 Caesaris,
1229 3716 1630 3786 Cornelium
1672 3718 1953 3785 Balbum
1998 3722 2419 3790 Gaditanum

324 3827 729 3895 ditissimum.
812 3825 903 3891 Et
938 3827 1016 3891 in
1055 3820 1354 3914 prologo
1397 3828 1922 3896 commentarios
1961 3852 2001 3894 a
2036 3829 2107 3898 se
2131 3831 2420 3921 scriptos

320 3936 649 4025 supponit
682 3949 932 3996 ,rerum
990 3928 1319 4016 gestarum
1359 3934 1674 4024 Galliae„
1725 3958 1875 4003 non
1918 3938 2416 4028 comparandos

320 4038 782 4132 superioribus
863 4051 1072 4125 atque
1154 4037 1663 4127 insequentibus
1745 4039 2045 4114 Caesaris
2113 4047 2410 4137 scriptis.

317 4151 414 4218 Hi
470 4147 942 4232 commentarii
987 4143 1101 4211 alii
1160 4145 1290 4213 effe
1338 4170 1487 4216 non
1541 4166 1863 4238 poterant
1907 4153 1990 4220 ab
2032 4155 2215 4241 vm,
2290 4154 2411 4242 qui
