2548 4775
1443 148 1464 185 l

870 235 875 275 Ι

381 332 466 389 1v
985 291 1850 385 PRAEFATIO

384 500 531 578 alia
577 495 989 602 quaedam,
1052 494 1312 602 'passim
1357 526 1404 574 a
1449 499 1696 577 doctis
1735 502 1940 591 viriS,
2015 519 2097 576 et
2142 501 2231 575 in
2257 501 2389 577 -his
2427 532 2506 578 a-

381 647 878 732 cryptonymo
926 633 1010 704 in
1057 628 1373 711 Miscell.
1424 626 1771 731 Lipfiens.
1828 632 2051 703 nouis
2111 650 2169 706 t.
2218 658 2292 707 2.
2349 632 2467 707 sub

381 761 651 837 litteris
705 758 762 831 Ι.
820 760 907 832 G.
962 763 1060 833 H.
1112 759 1440 848 latente,
1513 753 2064 851 animaduersa,
2135 764 2223 834 in
2276 760 2471 836 vsum

385 876 756 963 trahenda
805 890 1109 990 putaui,
1184 908 1272 979 ‘et
1318 889 1670 965 lectionis
1721 891 2161 963 varietatem
2213 890 2469 992 paullo

384 1016 859 1120 frequentius
904 1015 1492 1117 discutiendam,
1548 1043 1698 1119 qua
1727 1042 1809 1092 re
1847 1015 2316 1117 potiffimum
2361 1025 2466 1113 iis,

388 1152 556 1250 qui,
620 1149 911 1220 maiore
958 1144 1094 1223 ista
1144 1140 1749 1253 ovnEmffimumA
1793 1145 2137 1223 editione
2166 1159 2262 1242 ⁸),
2335 1147 2467 1224 ho-

304 1306 309 1310 ’
384 1275 515 1351 die
576 1272 994 1347 admodum
1054 1302 1253 1369 rara,
1338 1274 1703 1367 destituti,
1784 1273 1884 1347 ad
1936 1275 2472 1377 explicandum

329 1403 809 1482 ·'iunioribus
867 1423 1261 1479 auctorem
1323 1403 1737 1497 accedunt,
1820 1423 2117 1504 gratum
2179 1430 2311 1479 me
2369 1403 2473 1478 fe-

356 1533 563 1613 ‹ciss‘e
631 1531 968 1612 confido·
1121 1526 1289 1609 Nec
1367 1530 1871 1609 iniucundum
1946 1531 2103 1609 hoc
2177 1533 2474 1611 accidet

387 1665 589 1757 aliis,
660 1664 795 1765 qui
832 1667 1147 1765 proprio
1190 1665 1515 1739 Marte'
1491 1690 1574 1736 m
1627 1660 2018 1737 Caesarem
2064 1660 2475 1777 legendum

389 1793 875 1883 incumbunt,
950 1818 1189 1893 quum
1231 1789 1334 1868 fic
1380 1791 1480 1868 de
1521 1794 1819 1865 ratione
1858 1776 2219 1866 lectionis
2263 1816 2474 1866 acce-

385 1941 565 2025 ptae
642 1925 886 2023 aptius
958 1920 1302 1996 iudicare
1363 1921 1615 1997 liceat.
1762 1915 1967 1995 Tum
2033 1919 2473 2004 cauendum

388 2049 840 2141 arbitrabar,
937 2074 1040 2124 ne
1094 2053 1420 2143 tirones,
1515 2048 1729 2153 quod
1785 2049 2008 2151 vulgo
2064 2047 2239 2123 fieri
2295 2073 2472 2124 con-

298 2214 301 2219 ·
388 2172 655 2264 suevit,
735 2201 1300 2280 quamcumque
1364 2178 1779 2253 lectionem
1835 2182 1915 2253 in
1971 2176 2100 2252 sua
2155 2183 2474 2283 quisque

390 2299 730 2438 editione
791 2310 1207 2400 inuenerit,
1305 2331 1475 2382 eam
1537 2303 1758 2407 ipsius
1824 2306 2205 2412 scriptoris
2267 2298 2476 2383 fuiss‘e

384 2451 677 2534 putent.

500 2561 831 2668 Srcubi‚
943 2564 1159 2667 quod
1229 2587 1463 2666 parce
1548 2561 1872 2656 sactum,
1975 2564 2071 2639 ab
2156 2562 2471 2643 Ouden-

389 2686 793 2789 dorpiana,
888 2719 1119 2793 quam
1182 2712 1261 2769 et
1335 2696 1601 2768 Morus
1672 2693 1874 2767 suam
1946 2683 2275 2786 fecerat,
2363 2718 2473 2766 re-

388 2805 743 2894 censione
796 2818 1088 2912 receffi,
1158 2846 1359 2923 quae
1407 2803 1540 2896 me
1595 2828 1788 2897 ratio
1840 2829 2210 2919 mouerit,
2283 2821 2474 2897 indi-

388 2937 586 3028 caui.
733 2949 1177 3049 Fragmenta
1243 2948 1576 3026 Caesaris
1637 2968 1716 3026 et
1780 2946 2207 3026 testimonia
2273 2970 2472 3025 vete-

384 3077 571 3146 rum'
609 3071 935 3172 restitui,
1004 3104 1047 3151 a
1096 3081 1324 3153 Moro
1371 3077 1737 3180 neglecta.
1860 3082 2103 3154 Huius
2158 3080 2473 3178 diligen-

382 3206 538 3278 tiae
580 3201 881 3284 sedulae
935 3206 1224 3282 indices
1270 3205 1503 3298 debet
1541 3206 1826 3301 lector,
1876 3196 2085 3308 'quos
2124 3205 2471 3308 pauculis

372 3332 563 3408 ‘hinc
626 3309 813 3412 inde
883 3332 1235 3436 adsperfis
1304 3340 1504 3410 auxi.
1631 3337 2043 3444 Recentiue
2096 3336 2471 3439 quaedam

381 3456 900 3538 animaduersa
945 3462 1025 3532 in
1077 3461 1503 3537 Ma‘ntiss‘am
1547 3463 1870 3538 conieci.

529 3593 621 3664 In
688 3591 777 3662 iis
842 3584 1068 3679 lociS,
1168 3618 1368 3702 quae
1426 3591 1526 3667 de
1591 3591 1996 3686 Gallorum
2050 3594 2467 3669 Germano-

373 3744 703 3821 rumque
760 3714 1135 3817 religione
1199 3738 1278 3794 et
1353 3721 1694 3799 moribus
1761 3741 2028 3824 agunt,
2132 3713 2470 3823 itemque

549 4019 612 4098 a)
642 4013 885 4075 produt
928 4012 1000 4072 L.
1039 4014 1108 4076 B.
1161 3969 1350 4095 1'737.
1391 4025 1454 4096 4·
1503 4038 1541 4077 2
1585 4016 1733 4082 vol.
1816 4013 2064 4082 omiffis
2106 4022 2273 4079 nous
2316 4015 2466 4074 dem

376 4124 651 4202 repetita
691 4123 908 4201 paucis
950 4119 1201 4177 mutatis
1247 4119 1333 4187 ib.
1385 4127 1566 4203 1740.
1606 4122 1671 4184 8.
