2548 4775
2139 130 2156 147 t

2051 196 2052 199 ¹
2145 180 2166 215 ἱ

375 314 579 415 {Vnt
678 351 1083 405 nantuel
1119 345 1619 401 nonwntm
1668 338 2301 394 ntssnn'rArlo

234 520 239 531 “
280 530 284 535 ’
377 526 615 595 nianas
654 505 1044 589 'multorum
1099 500 1516 579 coaeuorum
1561 508 1848 596 legimus
1888 503 2238 594 epistolas,
2305 500 2478 568 nul-

376 631 513 699 lam
558 644 827 708 tamen,
907 634 1083 712 quae
1134 620 1546 687 cothurnum
1594 613 1786 680 illum
1834 611 2067 702 sapiat.
2187 609 2478 678 Nullum

354 752 563 822 ‘erat,
643 748 868 801 aetate
921 729 1262 809 Caesaris,
1315 728 1567 793 ,otium
1622 719 1994 791 istiusmodi
2052 721 2314 811 ingenii
2367 718 2482 786 lu·-

376 846 591 928 fibus,
671 863 829 907 cum
886 838 974 905 de
1027 836 1228 909 rebus
1281 833 1467 901 seriis
1521 827 2130 920 momentofisque,
2204 828 2294 894 de
2333 829 2484 895 vita

375 954 815 1041 fortunisque
898 946 1226 1012 clientum
1302 940 1411 1009 vel
1490 939 1670 1006 fama
1765 944 2082 1027 agerent
2133 951 2476 1003 oratores.

375 1048 556 1134 Sunt
613 1056 1054 1127 nihilominus
1111 1046 1446 1140 primaeui
1515 1047 1814 1113 auctoris
1869 1046 2082 1115 Hirtii
2138 1046 2344 1111 etiam
2403 1045 2487 1109 in

375 1173 515 1238 hoc
556 1187 767 1258 opere
810 1161 1099 1250 vestigia.
1154 1186 1165 1197 ι
1210 1156 1410 1245 Quae
1449 1154 1655 1220 habet
1700 1155 2089 1220 communia
2130 1175 2286 1219 cum
2331 1150 2489 1218 aliis

269 1292 275 1297 '
375 1279 607 1346 bonae
662 1273 825 1342 fidei
884 1263 1317 1347 auctoribus,
1391 1286 1540 1329 non
1596 1262 1869 1328 aliunde
1926 1261 2256 1328 emanass'e
2313 1283 2488 1327 cen-

373 1386 532 1455 seo:
620 1379 930 1472 inprimis
990 1373 1198 1455 illud,
1279 1371 1474 1463 quod
1534 1369 1885 1438 Caesarem
1945 1368 2127 1435 dicat
2183 1368 2488 1435 dictato-

372 1516 523 1564 rem
566 1491 689 1574 111,
738 1487 1154 1576 defiguntum
1192 1478 1322 1563 IV,
1369 1503 1520 1547 non
1561 1487 1661 1563 (vt
1699 1477 1844 1545 vult
1885 1491 2126 1544 auctor
2166 1474 2490 1565 alioquin

370 1596 899 1669 accuratiffimus
969 1594 1045 1658 in
1113 1588 1383 1657 historia
1452 1608 1771 1668 romana,
1856 1566 2206 1675 Sigonius)
2264 1607 2488 1670 anne,

376 1732 522 1802 quo
584 1705 885 1774 Africam
939 1699 1232 1787 recepit,
1311 1693 1429 1762 sed
1470 1717 1613 1785 quo
1667 1692 1854 1761 bello
1897 1692 2084 1760 ciuili
2125 1696 2199 1758 in
2237 1693 2494 1783 Hispa.

377 1816 497 1881 nia
532 1812 742 1878 finem
783 1804 1140 1897 imposuit,
1198 1802 1395 1871 Varr.
1435 1801 1688 1871 scilicet
1723 1822 1879 1892 709.
1981 1801 2098 1868 Sic
2136 1803 2319 1869 enim
2362 1826 2496 1871 co-

376 1941 547 1987 aeua
590 1937 955 1985 marmora
976 1910 1345 2002 capitolina
1384 1926 1592 2001 atque
1636 1909 2002 1977 cole-tiana.
2091 1908 2219 1977 Sic
2272 1913 2492 1983 etiam

378 2028 625 2095 coaeui
667 2025 886 2091 numi.
1009 2021 1156 2086 Imo
1216 2035 1497 2101 auctor,
1573 2040 1776 2108 quem
1818 2015 2255 2107 sequebatur,
2317 2018 2493 2088 Plu..

374 2134 684 2219 tarchust
771 2130 1011 2198 melius
1072 2127 1358 2211 scilicet,
1443 2148 1650 2215 quam
1704 2123 1851 2206 alii,
1932 2126 2133 2189 etiam
2193 2140 2490 2213 veteres,

274 2296 285 2300 »
373 2266 525 2319 nec,
551 2241 635 2308 ab
678 2241 818 2306 hoc
854 2236 1079 2304 seculo
1125 2235 1498 2303 admodum
1551 2232 1836 2312 remoti,
1912 2233 2033 2320 qui
2075 2231 2494 2304 dictaturam

263 2415 268 2422 .
377 2347 686 2420 Caesaris
735 2348 995 2417 vnitate
1034 2339 1738 2413 ¹faciunt-auctiorem.
1825 2338 2034 2405 Hirtii
2078 2342 2279 2406 etiam
2323 2362 2496 2432 per.

377 2458 618 2532 [onam
661 2456 920 2546 arguit,
998 2455 1190 2548 quod
1239 2454 1377 2519 hoc
1429 2464 1587 2517 toto
1631 2446 1813 2514 bello
1857 2443 2206 2535 hispanico
2249 2449 2339 2516 fic
2381 2451 2498 2521 10-

378 2570 617 2660 quitur
659 2579 938 2647 auctor,
1014 2562 1194 2655 quasi
1249 2559 1390 2651 ipse
1429 2555 1741 2649 praesens
1789 2555 2118 2638 adfuerit,
2192 2573 2264 2624 et
2308 2559 2497 2628 Cae-

376 2676 537 2747 saris
581 2690 811 2764 partes
850 2673 1055 2741 fuerit
1093 2659 1472 2759 amplexus.
1557 2666 1780 2732 Prima
1817 2663 1960 2729 fere
1999 2662 2284 2755 persona
2330 2667 2497 2737 Nos

378 2788 646 2874 inquit,
711 2798 783 2849 et
826 2776 1264 2848 Caesarianos
1307 2772 1570 2855 nostros
1612 2769 1927 2863 appellat.
2024 2770 2187 2838 Hoc
2229 2796 2498 2869 nempe

384 2905 564 2971 erat,
641 2887 836 2976 quod
887 2888 962 2950 in
1020 2880 1181 2948 belli
1225 2877 1474 2946 Gallici
1531 2875 1687 2948 libri
1740 2880 1911 2949 VIII.
1991 2880 2293 2973 Prologo
2339 2884 2499 2977 ipse

381 3010 752 3067 monuerat
791 2992 1095 3072 Hirtius,
1169 2986 1293 3054 fibi
1332 3009 1426 3053 ne
1466 2987 1638 3060 illud
1683 2988 1958 3080 quidem
1999 2989 2341 3072 accidiss'e,
2420 3009 2498 3062 vt

379 3103 848 3174 ‘Alexandrino
903 3112 1111 3188 atque
1152 3093 1482 3176 Africano
1521 3094 1703 3163 bello
1745 3096 2121 3165 interess'et:
2187 3099 2496 3168 innuens

385 3212 720 3305 proinde,
750 3275 765 3286 κ
790 3210 870 3276 in
921 3206 1202 3300 reliquis
1245 3202 1441 3270 bellis
1482 3201 1600 3270 fibi
1640 3227 1921 3295 quoque
1973 3205 2252 3296 operam
2290 3206 2534 3275 fuiffe‘

386 3344 540 3389 non
579 3316 912 3387 inutilem.
1032 3313 1203 3380 Non
1257 3314 1357 3380 ita
1411 3327 1595 3378 certe
1649 3314 1724 3377 in
1778 3310 1961 3376 bello
2017 3310 2495 3383 Alexandrino

383 3411 735 3521 loquitur,
817 3438 935 3490 aut
986 3420 1339 3488 Africano.
1465 3418 1817 3510 Nusquam
1873 3418 1970 3485 ibi
2019 3422 2276 3510 prima,
2365 3421 2499 3492 fed

385 3539 593 3618 tertia
635 3531 959 3627 persona,
1038 3528 1328 3596 absentis
1367 3529 1683 3596 nimirum
1728 3529 1960 3619 potius
2017 3549 2221 3617 quam
2274 3528 2493 3617 illius,

278 3643 295 3690 s
387 3643 521 3735 qui
554 3642 755 3709 rebus
810 3640 953 3732 ipse
994 3638 1311 3729 gerendis
1362 3637 1788 3716 interfuerit,
1860 3638 2327 3702 narrationem
2372 3639 2496 3707 in.

369 3752 621 3820 ¹stituit.
716 3747 870 3815 Nec
908 3763 1079 3839 puto
1123 3745 1258 3814 hoc
1297 3743 1696 3852 praeuidiss'e
1736 3743 2334 3836 interpolatorem,
2407 3751 2492 3818 in

387 3857 668 3948 reliquis
705 3856 879 3922 adeo
920 3854 1289 3947 personae,
1354 3877 1559 3946 quam
1593 3852 1933 3945 sustinuit,
1986 3856 2341 3926 incautum
2377 3874 2492 3929 at-

300 3979 303 3982 '
389 3988 528 4057 que
569 3963 997 4036 obliuiosum.
1080 3973 1089 3982 “
