2548 4775
398 288 502 366 90
1050 286 1169 351 nn
1232 285 1528 351 nmmo
1586 280 1851 336 earn

399 451 584 518 dano
647 448 737 516 ad
789 448 1077 516 summas
1132 440 1342 539 Alpes
1399 453 1801 540 pertinent„
1875 449 2112 521 Cauffa
2173 453 2454 521 mittendi

395 556 563 638 fuit,
628 553 820 644 quod
860 557 995 641 iter
1034 550 1172 642 per¹
1208 552 1440 642 Alpis,
1510 577 1645 642 quo
1693 575 1940 643 magno
1995 577 2144 621 cum
2183 555 2452 646 periculo

292 720 298 725 ,
388 663 795 749 'magnisque
843 680 997 722 cum
1049 652 1372 745 portoriis
1424 672 1836 723 mercatores
1895 661 1996 723 ire
2061 658 2453 744 consuerant,

395 763 705 854 patefieri
746 760 1072 828 voleban
1128 760 1307 824 Huic
1336 760 1677 849 ‘permifit,
1735 759 1783 827 fi
1825 784 1997 852 opus
2042 764 2167 829 effe
2211 766 2457 831 arbitra-

396 884 627 948 retur,
669 868 766 935 vti
811 868 894 929 in,
928 867 1024 929 eis
1064 863 1235 929 locis
1283 864 1623 954 legionem
1680 864 2028 932 hiemandi
2070 867 2276 934 causs'a
2317 893 2457 936 con-

321 958 676 1039 “locaret.
768 968 1020 1048 Galba,
1092 968 1404 1036 fecundis
1454 967 1720 1060 aliquot
1757 970 2037 1059 proeliis
2069 972 2302 1051 facti&
2367 995 2457 1039 ca-

392 1066 733 1164 stellisque
800 1071 1263 1161 compluribus
1326 1095 1564 1137 eorum
1635 1078 2066 1164 expugnatis,
2143 1076 2329 1143 minis
2384 1077 2455 1142 ad

397 1203 554 1281 qum
609 1177 908 1265 vndique
978 1174 1214 1264 legatis
1279 1174 1756 1266 obfidibusque
1842 1179 2013 1245 datis
2072 1196 2140 1244 et
2182 1203 2338 1270 pace
2371 1181 2455 1247 fa-

394 1300 540 1366 cta,
613 1279 994 1361 constituit,
1055 1278 1358 1363 cohortis
1404 1279 1570 1345 duas
1610 1283 1685 1346 in
1726 1281 2191 1359 Nantuatibus
2245 1284 2456 1351 conlo·

394 1410 549 1453 care
583 1383 840 1474 etipse
885 1370 1039 1448 cum
1077 1381 1356 1472 reliquis
1411 1388 1552 1449 eius
1607 1384 1896 1475 legionis
1956 1390 2342 1455 cohortibus
2392 1392 2454 1453 in

390 1495 544 1562 vico
584 1488 1081 1577 Veragrorum,
1144 1489 1262 1577 qui
1308 1486 1686 1576 adpellatur
1747 1490 2177 1571 Octodurus,
2219 1493 2457 1559 ‚hiema-

388 1620 494 1663 re:
556 1595 676 1686 qui
733 1596 950 1674 vicus,
1011 1589 1263 1680 politus
1311 1592 1388 1656 in
1444 1590 1653 1679 valle,
1698 1606 1849 1669 non
1895 1612 2160 1686 ,magna
2220 1596 2453 1662 adiecta

388 1700 682 1791 planicie
713 1746 732 1779 ,
846 1695 1162 1763 altiffimis
1252 1694 1601 1761 montibus
1682 1680 1988 1788 Vndique,
2069 1702 2449 1766 continetur.

392 1807 624 1892 Quum
665 1804 780 1868 hic
832 1803 906 1865 in
964 1799 1402 1887 duaspartes
1456 1797 1737 1866 flumine
1803 1802 2256 1888 diuideretur,
2314 1803 2453 1869 alte-

388 1932 530 1975 ram
576 1921 837 1995 partem
883 1907 1024 1967 eius
1069 1891 1200 1966 vici
1244 1899 1455 1967 Gallis
1502 1904 1856 1984 conceffit,
1907 1906 2224 1989 alteram,
2277 1931 2454 1975 vacu-

309 2040 320 2049 ²
388 2036 498 2077 am
525 2011 626 2075 ab
671 2008 802 2073 illis
839 2006 1177 2087 relictam,
1226 2005 1623 2071 cohortibus
1667 2007 1753 2073 ad
1793 2008 2231 2079 hiemandum
2271 2011 2452 2078 adtri-

385 2116 556 2183 buit.
641 2113 818 2178 Eum
861 2108 1090 2175 locum
1131 2106 1309 2175 vallo
1352 2109 1648 2200 foss'aque
1688 2116 2002 2181 muniuit.

503 2242 576 2309 Ι9).
634 2216 866 2302 Quum
926 2212 1070 2279 dies
1119 2211 1564 2279 hibernorum
1642 2217 2028 2306 complures
2099 2218 2450 2286 transiffent

382 2322 937 2408 frumentumque
978 2341 1065 2383 eo
1112 2320 1528 2408 comportari
1567 2319 1869 2405 iuffiss'et,
1930 2320 2154 2392 subito
2198 2348 2316 2415 per
2348 2346 2452 2387 ex-

284 2463 293 2471 ·
381 2429 769 2519 plor-atores
812 2425 1064 2489 certior
1105 2422 1324 2488 factus
1370 2421 1498 2503 est,
1566 2447 1646 2489 ex
1690 2447 1769 2514 ea
1811 2443 2009 2514 parte
2040 2431 2216 2516 lyrici,
2270 2449 2450 2517 quam

383 2531 596 2600 Gallis
639 2527 1081 2608 concefferat,
1158 2543 1664 2615 omne-&noctu
1709 2529 2097 2616 diseeffiss'e‚
2174 2546 2451 2598 montes-

380 2661 551 2727 que,
612 2637 731 2730 qui
772 2631 1252 2721 impenderent
1278 2679 1325 2713 ,.
1358 2654 1396 2696 a
1439 2635 1722 2698 maxima
1779 2633 2214 2703 multitudine
2253 2633 2449 2701 Sedu-

380 2761 631 2805 norum
693 2751 760 2800 et
805 2735 1265 2824 Veragrorum
1326 2737 1569 2801 teneri.
1669 2735 1746 2802 Id
1810 2737 2075 2827 aliquot
2117 2739 2204 2805 ‹le
2245 2735 2449 2805 cauffis

379 2842 750 2918 acciderat,
800 2855 871 2906 vt
913 2837 1135 2902 subito
1184 2835 1362 2903 Galli
1408 2838 1568 2902 belli
1609 2843 1994 2908 renouandi
2042 2830 2447 2935 legionisque

295 3009 306 3022 „
381 2942 871 3036 opprimendae
913 2939 1263 3006 confilium
1303 2959 1656 3029 caperent:
1732 2947 2064 3032 primurn,
2129 2946 2314 3038 quod
2364 2944 2449 3008 le·

376 3053 648 3139 gionem
674 3093 693 3125 ,
730 3061 959 3135 neque
1004 3065 1147 3107 eam
1185 3041 1661 3131 plenillimam’,
1709 3047 2023 3114 detractis
2081 3048 2449 3117 cohortibus

379 3153 640 3220 duabus
702 3165 771 3214 et
827 3145 1286 3236 compluribus
1355 3145 1771 3239 singillatim,
1856 3156 1976 3243 qui
2052 3168 2448 3221 commeatus

444 3431 570 3466 oum
602 3417 896 3484 portoriis.
971 3408 1208 3480 Graecus
1237 3407 1378 3462 male
1450 3409 1559 3464 huc
1619 3391 2007 3467 transtulerbnt
2048 3412 2362 3468 Ciacconius
2400 3422 2448 3461 et

373 3491 632 3552 φορτίοις.
708 3480 1082 3548 ΙηῑλεΙΙίῧυηιυτ
1117 3481 1258 3532 enim
1290 3496 1378 3532 vc·
1446 3481 1865 3545 Hotomannus;
1951 3501 2076 3535 nam
2165 3485 2223 3536 in
2298 3477 2442 3538 MSS.

372 3553 581 3624 ctigalia
619 3570 646 3603 a
673 3549 1051 3602 mercatoribus
1084 3569 1180 3622 pro
1211 3565 1379 3603 trans·
1447 3566 1501 3604 et
1573 3550 1699 3605 edd.
1804 3568 1931 3606 vett.
2047 3554 2229 3626 inepte
2252 3577 2261 3582 ’
2288 3547 2442 3623 posita

370 3623 448 3676 itu
508 3621 759 3674 mercium
793 3617 1068 3689 exigenda.
1148 3620 1381 3687 Praepo-
1412 3659 1415 3664 .
1451 3635 1607 3674 erant
1667 3636 1795 3674 ante
1870 3622 2091 3675 verbum
2174 3616 2443 3689 conceffit.
2478 3612 2513 3665 θ

366 3689 942 3764 fitionempraefigunt
970 3685 1219 3742 codd.et
1248 3688 1373 3742 edd.
1457 3690 1742 3758 Quaedam
1782 3690 1869 3744 ed.
1911 3708 2130 3745 recentt.
2170 3708 2226 3750 vt
2265 3708 2316 3744 et
2346 3704 2444 3740 me·

368 3777 471 3815 vet.
647 3796 669 3825 J
1443 3761 1618 3832 taphr.
1663 3759 1760 3813 Gr.
1794 3764 2015 3814 omnino
2043 3759 2339 3815 omiserunt.
2362 3757 2438 3808 M.

439 3845 491 3882 ee
534 3829 668 3901 a‘pse.
773 3826 1225 3881 Coniunctionem
1270 3827 1375 3880 cie·
1512 3849 1637 3882 eram
1679 3830 1903 3903 pleniff
1978 3831 2158 3884 Codd.
2214 3847 2267 3884 et
2324 3821 2441 3885 edd·

367 3916 509 3953 ctam
562 3919 588 3950 a
641 3896 783 3950 Scali
822 3916 911 3949 ero
950 3895 1172 3951 restituit
1213 3897 1366 3952 Oud.
1436 3914 1567 3951 vett.
1636 3913 1770 3952 tam.
1840 3899 1985 3970 quod
2046 3912 2440 3969 nonnumquam

368 3990 398 4022 e
436 3970 594 4022 codd.
638 3986 690 4021 et
735 3987 764 4018 e
808 3968 858 4017 d.
896 3967 1100 4035 primis.
1438 3967 1658 4037 additur
1697 3968 2035 4040 superlatiuo.
2108 3972 2171 4022 V.
2207 3969 2346 4023 Oud.

421 4042 687 4108 flumine.
764 4036 986 4088 Orolius
1021 4039 1084 4093 6,
1125 4047 1176 4097 8.
1203 4035 1370 4091 habet
1493 4038 1878 4110 singillatim,
1947 4035 2269 4112 fingulorum
2311 4032 2441 4088 mili·

365 4123 630 4161 torrente.
704 4105 941 4159 Graecus
980 4104 1171 4159 omisit.
1442 4121 1595 4171 tum,
1680 4108 1799 4180 qui.
1832 4107 2022 4180 [iuguli
2096 4104 2434 4165 discess'exant.

405 4177 514 4234 „ad
554 4176 940 4230 hiemandum.
1019 4176 1194 4248 Verba
1236 4173 1371 4230 haec
1442 4178 1527 4228 M.

1251 4343 1278 4366 ἦ
